<?xml version="1.0"?>
<collection xmlns="http://www.loc.gov/MARC21/slim">
  <record>
    <leader>01542nam a2200349 a 4500</leader>
    <controlfield tag="001">cihm_29063</controlfield>
    <controlfield tag="003">CaSfIA</controlfield>
    <controlfield tag="005">20151008010651.0</controlfield>
    <controlfield tag="007">cr||||||||||||</controlfield>
    <controlfield tag="008">831208s1879    enk     b     000 0 eng d</controlfield>
    <datafield tag="020" ind1=" " ind2=" ">
      <subfield code="a">0665290632</subfield>
    </datafield>
    <datafield tag="035" ind1=" " ind2=" ">
      <subfield code="a">ocn317761740</subfield>
    </datafield>
    <datafield tag="040" ind1=" " ind2=" ">
      <subfield code="a">CaOOCIHM</subfield>
      <subfield code="b">eng</subfield>
      <subfield code="d">AEU</subfield>
      <subfield code="d">CaSfIA</subfield>
    </datafield>
    <datafield tag="043" ind1=" " ind2=" ">
      <subfield code="a">n-cn-qu</subfield>
    </datafield>
    <datafield tag="082" ind1="0" ind2=" ">
      <subfield code="a">352.002</subfield>
      <subfield code="2">19</subfield>
    </datafield>
    <datafield tag="090" ind1=" " ind2=" ">
      <subfield code="a">FC 02 0203 no. 29063</subfield>
      <subfield code="b">AEU</subfield>
    </datafield>
    <datafield tag="245" ind1="0" ind2="0">
      <subfield code="a">Correspondence respecting the case of M. Letellier</subfield>
      <subfield code="h">[electronic resource] </subfield>
      <subfield code="b">presented to both Houses of Parliament by command of Her Majesty, August 14, 1879.</subfield>
    </datafield>
    <datafield tag="260" ind1=" " ind2=" ">
      <subfield code="a">London :</subfield>
      <subfield code="b">G.E. Eyre and W. Spottiswoode,</subfield>
      <subfield code="c">1879.</subfield>
    </datafield>
    <datafield tag="300" ind1=" " ind2=" ">
      <subfield code="a">2 microfiches (72 fr.).</subfield>
    </datafield>
    <datafield tag="490" ind1="1" ind2=" ">
      <subfield code="a">CIHM/ICMH Microfiche series = CIHM/ICMH collection de microfiches ;</subfield>
      <subfield code="v">no. 29063</subfield>
    </datafield>
    <datafield tag="533" ind1=" " ind2=" ">
      <subfield code="a">Filmed from a copy of the original publication held by the Library of the Public Archives of Canada.</subfield>
      <subfield code="b">Ottawa :</subfield>
      <subfield code="c">Canadian Institute for Historical Microreproductions,</subfield>
      <subfield code="d">1982.</subfield>
    </datafield>
    <datafield tag="534" ind1=" " ind2=" ">
      <subfield code="e">131 p. ; 32 cm.</subfield>
    </datafield>
    <datafield tag="596" ind1=" " ind2=" ">
      <subfield code="a">43</subfield>
    </datafield>
    <datafield tag="600" ind1="1" ind2="0">
      <subfield code="a">Boucherville, Charles Eug&#xC3;&#xA8;ne Boucher de,</subfield>
      <subfield code="c">Sir,</subfield>
      <subfield code="d">1822-191</subfield>
    </datafield>
    <!-- No separator at end of field length=64 -->
    <datafield tag="600" ind1="." ind2="">
      <subfield code="0"/>
      <subfield code="a">Letellier de Saint-Just, Luc,</subfield>
      <subfield code="d">1820-188</subfield>
    </datafield>
    <!-- No separator at end of field length=46 -->
    <datafield tag="600" ind1="." ind2="">
      <subfield code="6"/>
      <subfield code="a">Boucherville, Charles Eug&#xC3;&#xA8;ne Boucher de,</subfield>
      <subfield code="c">Sir,</subfield>
      <subfield code="d">1822-1</subfield>
    </datafield>
    <!-- No separator at end of field length=64 -->
    <datafield tag="600" ind1="1" ind2="5">
      <subfield code=""/>
    </datafield>
    <!-- Separator but not at end of field length=46 -->
    <datafield tag="651" ind1="8" ind2="1">
      <subfield code=""/>
    </datafield>
    <!-- Separator but not at end of field length=59 -->
    <datafield tag="651" ind1="9" ind2="7">
      <subfield code=""/>
    </datafield>
    <!-- Separator but not at end of field length=62 -->
    <datafield tag="830" ind1="1" ind2="8">
      <subfield code="7">.</subfield>
    </datafield>
    <!-- Separator but not at end of field length=45 -->
    <datafield tag="856" ind1="4" ind2="1">
      <subfield code="u">http://archive.org/details/cihm_29063</subfield>
      <subfield code="z">Free eBook from the Internet Archive</subfield>
    </datafield>
    <!-- Separator but not at end of field length=22 -->
    <datafield tag="016" ind1="M" ind2="M">
      <subfield code="R">E</subfield>
    </datafield>
    <!-- Separator but not at end of field length=15 -->
    <!-- Separator but not at end of field length=58 -->
  </record>
</collection>
